% This is the bibliography of study of map mixing
%
% Tzu-Chen Liang 7-16-2006

%%%%%%%%%%%%%%%%%%%%%%%%%%%%%%%%%%%%%%%%%%%%%%%%%%%%%%%%%%%%%%%

%%%%%%%%%%%%%%%%%%%%%%%%%%%%%%%%%%%%%%%%%%%%%%%%%%%%%%%%%%%%%%%
% From review of the ASME DSCC paper
%%%%%%%%%%%%%%%%%%%%%%%%%%%%%%%%%%%%%%%%%%%%%%%%%%%%%%%%%%%%%%%

@Article{AaKrBe2003,
  author = 	 {O. M. Aamo and M. Krstic and T. R. Bewley},
  title = 	 {Control of mixing by boundary feedback in {2D}
                  channel flow},
  journal = 	 {Automatica},
  year = 	 {2003},
  volume = 	 {39},
  pages = 	 {1597--1606},
}

@Article{BaAaKr2005,
  author = 	 {A. Balogh and O. M. Aamo and M. Krstic},
  title = 	 {Optimal mixing enhancement in {3D} pipe flow},
  journal = 	 {IEEE Transactions on Control Systems Technology},
  year = 	 {2005},
  volume = 	 {13},
  pages = 	 {27--41},
}

@Article{AaKr2004,
  author = 	 {O. M. Aamo and M. Krstic},
  title = 	 {Feedback control of particle dispersion in bluff
                  body wakes},
  journal = 	 {International Journal of Control},
  year = 	 {2004},
  volume = 	 {77},
  pages = 	 {1001--1018},
}

@InProceedings{YuKrBe2004,
  author = 	 {C. C. Yuan and M. Krstic and T. Bewley},
  title = 	 {Active control of jet mixing},
  booktitle = {IEE Proceedings: Control Theory and Applications},
  pages = 	 {763--772},
  year = 	 {2004},
  volume = 	 {151},
}

@Book{AaKr2002,
  author = 	 {O. M. Aamo and M. Krstic},
  title = 	 {Flow Control by Feedback},
  publisher = 	 {Springer},
  year = 	 {2002},
}

%%%%%%%%%%%%%%%%%%%%%%%%%%%%%%%%%%%%%%%%%%%%%%%%%%%%%%%%%%%%%%%%%%%%%%%%
% My Paper                                                  %
%%%%%%%%%%%%%%%%%%%%%%%%%%%%%%%%%%%%%%%%%%%%%%%%%%%%%%%%%%%%%%%%%%%%%%%%

@Unpublished{numcutoff,
  AUTHOR = {T. Liang and M. West},
  TITLE  = {Numerical Evidence of Cutoffs in Chaotic Mixing by the Standard Map},
  YEAR   = {2011},
  NOTE = {(preprint)},
  }

@Unpublished{topopt,
  AUTHOR = {Tzu-Chen Liang and Matthew West},
  TITLE  = {Optimized Mixing in Microfluidic Channels},
  YEAR   = {2011},
  NOTE = {(preprint)},
  }

@Unpublished{symdyn,
  AUTHOR = {Tzu-Chen Liang and Matthew West},
  TITLE  = {The Cutoff Phenomenon and Mixing by Chaotic Maps},
  YEAR   = {2011},
  NOTE = {(preprint)},
  }

@InProceedings{BeLaLiWe2009,
  author =       {C. L. Beck and S. Lall and T. Liang and M. West},
  title =        {Model reduction, optimal prediction, and the {M}ori-{Z}wanzig representation of {M}arkov chains},
  booktitle = {Proceedings of the 48th IEEE Conference on Decision and Control},
  pages =     {3282--3287},
  year =      {2009},
}

%%%%%%%%%%%%%%%%%%%%%%%%%%%%%%%%%%%%%%%%%%%%%%%%%%%%%%%%%%%%%%%%%%%%%%%%
% Microfluidic Mixing                                                  %
%%%%%%%%%%%%%%%%%%%%%%%%%%%%%%%%%%%%%%%%%%%%%%%%%%%%%%%%%%%%%%%%%%%%%%%%
@ARTICLE{Wiggins2004,
  AUTHOR = {Stephen Wiggins and Julio M. Ottino},
  TITLE  = {Foundations of Chaotic Mixing},
  YEAR   = {2004},
  JOURNAL= {Philosophical Transactions of the Royal Society A: Mathematical, Physical and Engineering Sciences},
  volume = {362},
  number = {1818},
  pages  = {937--970},
  note   = {},
  }
@ARTICLE{Ottino2004,
  AUTHOR = {Julio M. Ottino and Stephen Wiggins},
  TITLE  = {Introduction: Mixing in Microfluidics},
  YEAR   = {2004},
  JOURNAL= {Philosophical Transactions of the Royal Society A: Mathematical, Physical and Engineering Sciences},
  volume = {362},
  number = {1818},
  pages  = {923--935},
  note   = {},
  }


@ARTICLE{Ottino2004Science,
  AUTHOR = {Julio M. Ottino and Stephen Wiggins},
  TITLE  = {Designing Optimal Micromixers},
  YEAR   = {2004},
  JOURNAL= {Science},
  volume = {305},
  number = {5683},
  pages  = {485--486},
  note   = {},
  doi    = {10.1126/science.1099343}
  }


@ARTICLE{Mezic2005,
  AUTHOR = {George Mathew and Igor Mezi{\'c} and Linda Petzold},
  TITLE  = {A Multiscale Measure for Mixing},
  YEAR   = {2005},
  JOURNAL= {Physica D},
  volume = {211},
  number = {1-2},
  pages  = {23--46},
  note   = {},
  }

@ARTICLE{Stroock2002,
  AUTHOR = {Abraham D. Stroock and  Stephan K. W. Dertinger and
            Armand Ajdari and Igor Mezi{\'c} and  Howard A. Stone and George M. Whitesides},
  TITLE  = {Chaotic Mixer for Microchannels},
  YEAR   = {2002},
  JOURNAL= {Science},
  volume = {295},
  number = {5555},
  pages  = {647--651},
  note   = {},
  doi    = {10.1126/science.1066238}
  }


@ARTICLE{Boyd2004,
  AUTHOR = {Stephen Boyd and Persi Diaconis and Lin Xiao},
  TITLE  = {Fastest Mixing {M}arkov {C}hain on a Graph},
  YEAR   = {2004},
  JOURNAL= {SIAM Review},
  volume = {46},
  number = {4},
  pages  = {667--689},
  note   = {},
  }

@ARTICLE{DAlessandro1999,
  AUTHOR = {Domenico D'Alessandro and Mohammed Dahleh and Igor Mezi{\'c}},
  TITLE  = {Control of Mixing in Fluid Flow: A Maximum Entropy Approach},
  YEAR   = {1999},
  JOURNAL= {IEEE Transactions on Automatic Control},
  volume = {44},
  number = {10},
  pages  = {1852--1863},
  note   = {},
  }


%%%%%%%%%%%%%%%%%%%%%%%%%%%%%%%%%%%%%%%%%%%%%%%%%%%%%%%%%%%%%%%%%%%%%%%%
% Active Mixing                                                      %
%%%%%%%%%%%%%%%%%%%%%%%%%%%%%%%%%%%%%%%%%%%%%%%%%%%%%%%%%%%%%%%%%%%%%%%%
@conference{Yang2000,
  AUTHOR    = {Zhen Yang and Hiroshi Goto and Mikio Matsumoto and Ryutaro Maeda},
  TITLE     = {Ultrasonic micromixer for microfluidic systems},
  YEAR      = {2000},
  booktitle = {The Thirteenth Annual International Conference on Micro Electro Mechanical Systems},
  pages     = {80--85},
  }
  %note     = {http://ieeexplore.ieee.org/xpls/abs_all.jsp?arnumber=838494},


@conference{Deshmukh2000,
  AUTHOR    = {Ajay Deshmukh and Dorian Liepmann},
  TITLE     = {Continuous Microfluidic Mixing Using Pulsatile Micropumps},
  YEAR      = {2000},
  booktitle = {American Physical Society 53rd Annual Meeting of the Division of Fluid Dynamics},
  }


%%%%%%%%%%%%%%%%%%%%%%%%%%%%%%%%%%%%%%%%%%%%%%%%%%%%%%%%%%%%%%%%%%%%%%%%
% Micro-Fluidic Mixing applications                                      %
%%%%%%%%%%%%%%%%%%%%%%%%%%%%%%%%%%%%%%%%%%%%%%%%%%%%%%%%%%%%%%%%%%%%%%%%
@ARTICLE{Burns1998,
  AUTHOR = {Mark A. Burns and Brian N. Johnson and Sundaresh N. Brahmasandra and Kalyan Handique and James R. Webster and Madhavi Krishnan and Timothy S. Sammarco and Piu M. Man and Darren Jones and Dylan Heldsinger and Carlos H. Mastrangelo and David T. Burke},
  TITLE  = {An Integrated Nanoliter {D}{N}{A} Analysis Device},
  YEAR   = {1998},
  JOURNAL= {Science},
  volume = {282},
  number = {5388},
  pages  = {484--487},
  note   = {DOI:10.1126},
  }

@ARTICLE{DavidJ2002,
  AUTHOR = {David J. Beebe and Glennys A. Mensing and Glenn M. Walker},
  TITLE  = {Physics and Applications of Microfluidics in Biology},
  YEAR   = {2002},
  JOURNAL= {Annual Review of Biomedical Engineering},
  volume = {4},
  number = {},
  pages  = {261--286},
  note   = {},
  }




@ARTICLE{Andersson2000,
  AUTHOR = {Helene Andersson and Wouter van der Wijngaart and Peter Enoksson and Goran Stemme},
  TITLE  = {Micromachined Flow-through Filter-chamber for Chemical Reactions on Beads},
  YEAR   = {2000},
  JOURNAL= {Sensors and Actuators B},
  volume = {67},
  number = {},
  pages  = {203--208},
  note   = {},
  }
@ARTICLE{Sammarco1999,
  AUTHOR = {Timothy S. Sammarco and Mark A. Burns},
  TITLE  = {Thermocapillary Pumping of Discrete Drops in Microfabricated Analysis Devices},
  YEAR   = {1999},
  JOURNAL= {AIChE},
  volume = {45},
  Issue  = {2},
  number = {},
  pages  = {350--366},
  note   = {},
  }


@ARTICLE{weigl2003,
  AUTHOR = {B. H. Weigl and R. L. Bardell and C.R. Cabrera},
  TITLE  = {Lab-on-a-chip for Drug Development},
  YEAR   = {2003},
  JOURNAL= {Advanced Drug Delivery Reviews},
  volume = {55},
  number = {3},
  pages  = {349--377},
  note   = {},
  }

@ARTICLE{Stone2004,
  AUTHOR = {H. A. Stone and A. D. Stroock and A. Ajdari},
  TITLE  = {Engineering Flows in Small Devices: Microfluidics Toward a Lab-on-a-Chip},
  YEAR   = {2004},
  JOURNAL= {Annual Review of Fluid Mechanics},
  volume = {36},
  number = {},
  pages  = {381--411},
  note   = {DOI:10.1146},
  }




%%%%%%%%%%%%%%%%%%%%%%%%%%%%%%%%%%%%%%%%%%%%%%%%%%%%%%%%%%%%%%%%%%%%%%%%
% Advection-Diffuction Operator                                        %
%%%%%%%%%%%%%%%%%%%%%%%%%%%%%%%%%%%%%%%%%%%%%%%%%%%%%%%%%%%%%%%%%%%%%%%%
@ARTICLE{Thiffeault2003-13,
  author  = {Jean-Luc Thiffeault and Stephen Childress},
  title   = {Chaotic Mixing in a Torus Map},
  journal = {CHAOS},
  volume  = {13},
  number  = {2},
  pages   = {502--507},
  year    = {2003},
}

@Article{Thiffeault2003-309,
  author  = {Jean-Luc Thiffeault},
  title   = {Advection-Diffusion in {L}agrangian Coordinates},
  journal = {Physics Letters A},
  volume  = {309},
  number  = {5},
  pages   = {415--422},
  year    = {2003}
}

@conference{Thiffeault2004,
  AUTHOR  = {Jean-Luc Thiffeault},
  TITLE   = {Scalar Decay in Chaotic Mixing},
  YEAR    = {2004},
  booktitle = {Transport in Geophysical Flows: Ten Years After, Proceedings of the Grand Combin Summer School},
  pages   = {},
  note    = {},
  }



@Article{Fereday2002,
  title   = {Scalar Variance Decay in Chaotic Advection and {B}atchelor-regime Turbulence},
  author  = {D. R. Fereday and P. H. Haynes and A. Wonhas and J. C. Vassilicos},
  journal = {Physical Review E},
  volume  = {65},
  number  = {3},
  pages   = {035301},
  numpages = {4},
  year    = {2002},
  doi     = {10.1103/PhysRevE.65.035301},
  publisher = {American Physical Society},
}
@ARTICLE{Ashwin2002,
  AUTHOR = {Peter Ashwin and Matthew Nicol and Norman Kirkby},
  TITLE  = {Acceleration of One-dimensional Mixing by Discontinuous Mappings},
  YEAR   = {2002},
  JOURNAL= {Physica A},
  volume = {310},
  number = {},
  issue  = {3-4},
  pages  = {347--363},
  note   = {},
  }

@Article{Antonsen1996,
 AUTHOR  = {Antonsen, Jr. ,Thomas M. and Zhencan Fan and Edward Ott and E. Garcia-Lopez},
 TITLE   = {The Role of Chaotic Orbits in the Determination of Power Spectra of Passive Scalars},
 YEAR    = {1996},
 JOURNAL = {Physical Fluids},
 volume  = {8},
 number  = {11},
 pages   = {3094--3104},
 }




@ARTICLE{Tsang2005,
  AUTHOR = {Yue-Kin Tsang and  Antonsen, Jr., Thomas M. and Edward Ott},
  TITLE  = {Exponential Decay of Chaotically Advected Passive Scalars in the Zero Diffusivity Limit},
  YEAR   = {2005},
  JOURNAL= {Physical Review E },
  volume = {71},
  issue  = {6},
  number = {},
  pages  = {066301},
  note   = {},
  }

@ARTICLE{Haynes2005,
  AUTHOR = {P. H. Haynes and J. Vanneste},
  TITLE  = {What Controls the Decay of Passive Scalars in Smooth Flows?},
  YEAR   = {2005},
  JOURNAL= {Physics of Fluids},
  volume = {17},
  number = {},
  pages  = {097103},
  note   = {},
  }

@ARTICLE{Gleeson,
  AUTHOR = {James P. Gleeson},
  TITLE  = {Transient Micromixing: Examples of Laminar and Chaotic Stirring},
  YEAR   = {2005},
  JOURNAL= {Physics of Fluids},
  volume = {17},
  number = {},
  pages  = {100614},
  note   = {},
  }

@ARTICLE{Cerbelli2003,
  AUTHOR = {S. Cerbelli and A. Adrover and M. Giona},
  TITLE  = {Enhanced Diffusion Regimes in Bounded Chaotic Flows},
  YEAR   = {2003},
  JOURNAL= {Physics Letters A},
  volume = {312},
  number = {5},
  pages  = {355--362},
  note   = {},
  }

@ARTICLE{Batchelor1958,
  AUTHOR = {G. K. Batchelor},
  TITLE  = {Small-scale Variation of Convected Quantities like Temperature in Turbulent Fluid. {P}art {I}},
  YEAR   = {1959},
  JOURNAL= {Journal of Fluid Mechanics},
  volume = {5},
  issue  = {1},
  number = {},
  pages  = {113--133},
  note   = {},
  }


@ARTICLE{Pikovsky2003,
  AUTHOR = {A. Pikovsky and O. Popovych},
  TITLE  = {Persistent Patterns in Deterministic Mixing Flows},
  YEAR   = {2003},
  JOURNAL= {Europhysics Letters},
  volume = {61},
  number = {5},
  pages  = {625--631},
  note   = {},
  }

@ARTICLE{Dana1985,
  AUTHOR = {Itzhack Dana and Shmuel Fishman},
  TITLE  = {Diffusion in the {S}tandard {M}ap},
  YEAR   = {1985},
  JOURNAL= {Physica D},
  volume = {17},
  issue  = {1},
  number = {},
  pages  = {63--74},
  }
  
@ARTICLE{Chirikov79,
  AUTHOR = {Boris Valerianovich Chirikov},
  TITLE  = {A universal instability of many-dimensional oscillator systems},
  YEAR   = {1979},
  JOURNAL= {Physics Reports},
  volume = {52},
  issue  = {5},
  number = {},
  pages  = {263--379},
  }
  

  
%%%%%%%%%%%%%%%%%%%%%%%%%%%%%%%%%%%%%%%%%%%%%%%%%%%%%%%%%%%%%%%%%%%%%%%%
% Cutoff Phenomenon                                                    %
%%%%%%%%%%%%%%%%%%%%%%%%%%%%%%%%%%%%%%%%%%%%%%%%%%%%%%%%%%%%%%%%%%%%%%%%

@conference{Diaconis1996,
  AUTHOR = {Persi Diaconis},
  TITLE  = {The Cutoff Phenomena in Finite {M}arkov {C}hains},
  YEAR   = {1996},
  booktitle= {The Proceedings of the National Academy of Sciences},
  volume = {93},
  pages  = {1659--1664},
  note   = {},
  }

@incollection{Diaconis2001,
  AUTHOR    = {Persi Diaconis},
  booktitle = {Groups, Combinatorics and Geometry},
  title     = {Mathematical Developments from the Analysis of Riffle Shuffling},
  YEAR      = {2001},
  publisher = {World Scientific Publishing},
  adress    = {River Edge, NJ},
  pages     = {73--97},
  note      = {},
  }

@incollection{LSaloff-Costt1997,
  author    = {L. Saloff-Coste},
  booktitle = {Lectures on Probability Theory and Statistics},
  title     = {Lectures on Finite {M}arkov {C}hains},
  year      = {1997},
  series    = {Lectures Notes in Mathematics 1665},
  publisher = {Springer},
  address   = {Berlin},
  pages     = {301--413},
  }
 % note      = {Saint-Flour Summer School, 1996, Q3 L28 V.1665}

@ARTICLE{Diaconis2005,
  AUTHOR = {Persi Diaconis and Saloff-Coste, L},
  TITLE  = {Separation Cut-offs for Death and Birth Chain},
  YEAR   = {2006},
  JOURNAL= {Annals of Applied Probability},
  volume = {16},
  number = {4},
  pages  = {2098--2122},
  }
  %note   = {http://projecteuclid.org/euclid.aoap/1169065218},

% first name cutoff
@ARTICLE{Diaconis1986,
  AUTHOR = {David Aldous and Persi Diaconis},
  TITLE  = {Shuffling Cards and Stopping Times},
  YEAR   = {1986},
  JOURNAL= {American Mathematical Monthly},
  volume = {93},
  number = {5},
  pages  = {333--348},
  note   = {},
  }

@ARTICLE{Diaconis1990,
  AUTHOR = {Persi Diaconis and R. L. Graham and J. A. Morrison},
  TITLE  = {Asymptotic Analysis of a Random Walk on a Hypercube with Many Dimensions},
  YEAR   = {1990},
  JOURNAL= {Random Structures and Algorithms},
  volume = {1},
  number = {1},
  pages  = {51--72},

  }

@ARTICLE{Diaconis1987,
  AUTHOR = {David Aldous and Persi Diaconis},
  TITLE  = {Strong Uniform Times and Finite Random Walks},
  YEAR   = {1990},
  JOURNAL= {Advances in Applied Mathematics},
  volume = {8},
  issue  = {1},
  pages  = {69--97},
  }


@PHDTHESIS{Chen2006,
  Author = {Guan-Yu Chen},
  Title  = {The Cutoff Phenomenon for Finite Markov Chains},
  Year   = {2006},
  School = {Cornell University},
  }


@unpublished{Hammarstr2005,
  AUTHOR = {Harald Hammarstr{\"o}m},
  TITLE  = {Card-Shuffling Analysis with {M}arkov {C}hains},
  YEAR   = {2005},
  }

@ARTICLE{Diaconis1981,
  AUTHOR = {Persi Diaconis and M. Shahshahani },
  TITLE  = {Generating a Random Permutation with Random Transportations},
  YEAR   = {1981},
  JOURNAL= {Z. Wahrsch. Verw. Gebiete},
  volume = {57},
  number = {2},
  pages  = {159--179},
  note   = {},
  }

@article{Diaconis1992,
    author = {Bayer, Dave   and Diaconis, Persi  },
    citeulike-article-id = {81482},
    journal = {The Annals of Applied Probability},
    keywords = {probability},
    number = {2},
    pages = {294--313},
    priority = {2},
    title = {Trailing the Dovetail Shuffle to its Lair},
    volume = {2},
    year = {1992}
 }

@techreport{Gilbert1955,
        author      = {E. Gilbert },
        title       = {Theory of Shuffling},
        institution = {Bell Laboratories},
        year        = {1955}
        }

@incollection{LSaloff-Costt2004,
  author    = {L. Saloff-Coste},
  booktitle = {Probability on Discrete Structures},
  title     = {Random Walks on Finite Groups},
  year      = {2004},
  series    = {Encyclopaedia of Mathematical Sciences},
  volume    = {110} ,
  publisher = {Springer},
  address   = {New York},
  pages     = {263--346}

  }

@incollection{Lloyd2005,
  author    = {Lloyd N. Trefethen and Mark Embree},
  booktitle = {Spectra and Pseudospectra},
  title     = {Further Examples and Applications},
  year      = {2005},
  publisher = {Princeton University Press},
  address   = {Princeton},
  pages     = {508--525}
  }


%%%%%%%%%%%%%%%%%%%%%%%%%%%%%%%%%%%%%%%%%%%%%%%%%%%%%%%%%%%%%%%%%%%%%%%%
% Symbolic Dynamics                                                    %
%%%%%%%%%%%%%%%%%%%%%%%%%%%%%%%%%%%%%%%%%%%%%%%%%%%%%%%%%%%%%%%%%%%%%%%%
@Book{Wiggins1990,
  author    = {Stephen Wiggins},
  title     = {Introduction to Applied Nonlinear Dynamical Systems and Chaos},
  year      = {1990},
  publisher = {Springer},
  address   = {New York}
  }

@Book{Holmes1983,
  author    = {J. Guckenheimer and P. Holmes},
  title     = {Nonlinear Oscillations, Dynamical Systems, and Bifurcations of Vector Fields},
  year      = {1983},
  publisher = {Springer-Verlag},
  address   = {New York}
  }



%%%%%%%%%%%%%%%%%%%%%%%%%%%%%%%%%%%%%%%%%%%%%%%%%%%%%%%%%%%%%%%%%%%%%%%%
% Topology Optimization                                                %
%%%%%%%%%%%%%%%%%%%%%%%%%%%%%%%%%%%%%%%%%%%%%%%%%%%%%%%%%%%%%%%%%%%%%%%%

@article{BenTal1997,
 author   = {A. Ben-Tal and A. Nemirovski},
 title    = {Robust Truss Topology Design via Semidefinite Programming},
 journal  = {SIAM Journal on Optimization},
 volume   = {7},
 number   = {4},
 year     = {1997},
 issn     = {1052-6234},
 pages    = {991--1016},
 doi      = {http://dx.doi.org/10.1137/S1052623495291951},
 publisher= {Society for Industrial and Applied Mathematics},
 address  = {Philadelphia, PA, USA},
 }

@ARTICLE{Evgrafov2005,
  AUTHOR = {Anton Evgrafov},
  TITLE  = {The Limits of Porous Materials in the Topology Optimization of {S}tokes Flows},
  YEAR   = {2005},
  JOURNAL= {Applied Mathematics and Optimization},
  volume = {52},
  number = {3},
  pages  = {263--277},
  note   = {},
  doi    = {10.1007/s00245-005-0828-z},
  }

% volume need to be checked
@ARTICLE{Borrvall2003,
  AUTHOR = {Thomas Borrvall and Joakim Petersson},
  TITLE  = {Topology Optimization of Fluids in {S}tokes Flow},
  YEAR   = {2003},
  JOURNAL= {International Journal for Numerical Methods in Fluids},
  volume = {41},
  number = {1},
  pages  = {77--107},
  note   = {},
  doi    = {10.1002/ d.426}
  }

@BOOK{Bendsoe2003,
  AUTHOR    = {Martin P. Bends{\o}e and Ole Sigmund},
  TITLE     = {Topology Optimization: Theory, Methods, and Applications},
  YEAR      = {2003},
  SERIES    = {},
  VOLUME    = {},
  PUBLISHER = {Springer},
  ADDRESS   = {New York},
  PAGES     = {},
  note      = {ISBN 3540429921},
  }



%%%%%%%%%%%%%%%%%%%%%%%%%%%%%%%%%%%%%%%%%%%%%%%%%%
% Numerical Methods
%%%%%%%%%%%%%%%%%%%%%%%%%%%%%%%%%%%%%%%%%%%%%%%%%%
@BOOK{Leveque2002,
  Author    = {Randall J. Leveque},
  Title     = {Finite Volume Methods for Hyperbolic Problems},
  year      = {2002},
  publisher = {Cambridge University Press},
  series    = {Cambridge Texts in Applied Mathematics}
  }

@ARTICLE{Pierrehumbert2000,
  AUTHOR = {Raymond T. Pierrehumbert},
  TITLE  = {Lattice models of advection-diffusion},
  YEAR   = {2000},
  JOURNAL= {Chaos},
  volume = {10},
  number = {1},
  pages  = {61--74},
  note   = {},
  }

@ARTICLE{Percival1989,
  AUTHOR = {I. Dana and N. W. Murray and I. C. Percival},
  TITLE  = {Resonances and Diffusion in Periodic {H}amiltonian Maps},
  YEAR   = {1989},
  JOURNAL= {Physical Review Letters},
  volume = {62},
  number = {3},
  pages  = {233--236},
  note   = {},
  }


@BOOK{Ott2002,
  AUTHOR    = {Edward Ott},
  TITLE     = {Chaos in Dynamical Systems},
  YEAR      = {2002},
  SERIES    = {},
  VOLUME    = {},
  PUBLISHER = {Cambridge University Press},
  ADDRESS   = {},
  PAGES     = {},
  note      = {ISBN 0521010845},
  }


%%%%%%%%%%%%%%%%%%%%%%%%%%%%%%%%%%%%%%%%%%%%%%%%%%
% Experiments
%%%%%%%%%%%%%%%%%%%%%%%%%%%%%%%%%%%%%%%%%%%%%%%%%%

@ARTICLE{Rothstein1999,
  AUTHOR = {D. Rothstein and E. Henry and J. P. Gollub},
  TITLE  = {Persistent Patterns in Transient Chaotic Fluid Mixing},
  YEAR   = {1999},
  JOURNAL= {Letters to Nature},
  volume = {401},
  number = {},
  pages  = {770--772},
  note   = {},
  }


@ARTICLE{Voth2002,
  AUTHOR = {Greg A. Voth and G. Haller and J. P. Gollub},
  TITLE  = {Experimental Measurements of Stretching Fields in Fluid Mixing},
  YEAR   = {2002},
  JOURNAL= {Physical Review Letters},
  volume = {88},
  number = {25},
  note   = {},
  }
  %pages  = {254501},


%%%%%%%%%%%%%%%%%%%%%%%%%%%%%%%%%%%%%%%%%%%%%%%%%%
% Adjoint method
%%%%%%%%%%%%%%%%%%%%%%%%%%%%%%%%%%%%%%%%%%%%%%%%%%
@ARTICLE{Jameson1999,
  AUTHOR = {James J. Reuther and Antony Jameson and Juan J. Alonso and Mark J. Rimlinger and David Saunders},
  TITLE  = {Constrained Multipoint Aerodynamic Shape Optimization Using an Adjoint Formulation and Parallel Computers, Part 1},
  YEAR   = {1999},
  JOURNAL= {Journal of Aircraft},
  volume = {36},
  number = {1},
  pages  = {51--60},
  }


%%%%%%%%%%%%%%%%%%%%%%%%%%%%%%%%%%%%%%%%%%%%%%%%%%
% Markov Chain approximation
%%%%%%%%%%%%%%%%%%%%%%%%%%%%%%%%%%%%%%%%%%%%%%%%%%
@ARTICLE{Dellnitz1999,
  AUTHOR = {Michael Dellnitz and Oliver Junge},
  TITLE  = {On the Approximation of Complicated Dynamical Behavior},
  YEAR   = {1999},
  JOURNAL= {SIAM Journal on Numerical Analysis},
  volume = {36},
  number = {2},
  pages  = {491--515},
  note   = {},
  }
  


@incollection{Dellnitz2002,
  author    = {Michael Dellnitz and Oliver Junge},
  title     = {Set oriented numerical methods for dynamical systems},
  booktitle = {Handbook of Dynamical Systems II: Towards Applications},
  year      = {2002},
  publisher = {World Scientific Publishing},
  pages     = {221--264}
  }
  %note     = {citeseer.ist.psu.edu/dellnitz00set.html}


@incollection{Froyland2001,
  AUTHOR    = {G. Froyland},
  title     = {Extracting dynamical behaviour via {M}arkov models},
  YEAR      = {2001},
  booktitle = {Nonlinear Dynamics and Statistics},
  publisher = {Birkh\"{a}user},
  address   = {Basel},
  pages     = {283--324}
  }

@conference{Froyland1999,
  AUTHOR    = {Gary Froyland},
  TITLE     = {Markov modelling for random dynamical systems},
  YEAR      = {1999},
  booktitle = {Proceedings of Equadiff 99, Berlin, Germany},
  pages   = {},
  note    = {},
  }


@ARTICLE{Froyland1998,
  AUTHOR = {Gary Froyland},
  TITLE  = {Approximating physical invariant measures of mixing dynamical systems in higher dimensions},
  YEAR   = {1998},
  JOURNAL= {Nonlinear Analysis, Theory, Methods and Applications},
  volume = {32},
  number = {7},
  pages  = {831--860},
  note   = {}
  }

@article{ChorinHald1,
author = {A. J. Chorin and O. H. Hald and R. Kupferman},
title = {Optimal Prediction and the {M}ori-{Z}wanzig Representation of Irreversible Processes},
journal = {Proceedings of the National Academy of Sciences},
volume = {97},
year = {2000},
pages = {2968--2973}
}

@book{ChorinHald2,
author = {A. J. Chorin and O. H. Hald},
title = {Stochastic Tools in Mathematics and Science},
publisher = {Springer Science and Business},
year = {2006}
}

@article{mori1965tcm,
  title={Transport, collective motion, and {B}rownian motion},
  author={Mori, H.},
  journal={Prog. Theor. Phys},
  volume={33},
  number={3},
  pages={423--455},
  year={1965}
}

@InCollection{zwanzig1980pnt,
  author = 	 {Zwanzig, R.},
  editor = 	 {L. Garrido},
  booktitle = 	 {Systems far from equilibrium},
  title = 	 {Problems in nonlinear transport theory},
  publisher = 	 {Springer},
  year = 	 {1980},
  address = 	 {Berlin},
}

@book{evans2008smn,
  title={Statistical mechanics of nonequilibrium liquids},
  author={Evans, D. and Morriss, G.},
  year={2008},
  publisher={Cambridge University Press}
}

@ARTICLE{ChSh2008,
AUTHOR = {Chirikov, B.  and Shepelyansky, D. },
TITLE  = {Chirikov standard map},
YEAR	 = {2008},
JOURNAL	= {Scholarpedia},
VOLUME  = {3},
NUMBER  = {3},
PAGES  = {3550},
doi = {10.4249/scholarpedia.3550},
}

@Book{LiLi1992,
  author =    {Lichtenberg, A. J. and Lieberman, M. A.},
  title =        {Regular and Chaotic Dynamics},
  publisher =    {Springer-Verlag},
  year =         {1992},
  edition =   {second},
}

@Article{Errico1997,
  author =       {R. M. Errico},
  title =        {What is an adjoint model?},
  journal =      {Bulletin of the American Meteorological Society},
  year =         {1997},
  volume =    {78},
  pages =     {2577–-2591},
}
