% This is the bibilography of study of mixingchannelexample
%
% Tzu-Chen Liang 7-16-2006

@ARTICLE{Stroock2002,
  AUTHOR = {Abraham D. Stroock and  Stephan K. W. Dertinger and  
            Armand Ajdari and Igor Mezi{\'c} and  Howard A. Stone and George M. Whitesides},
  TITLE  = {Chaotic Mixer for Microchannels},
  YEAR   = {2002},
  JOURNAL= {Science},
  volume = {295},
  number = {5555},
  month  = {January},
  pages  = {647-651},
  note   = {},
  url    = {http://www.sciencemag.org/cgi/content/full/295/5555/647},
  doi    = {10.1126/science.1066238}
  } 

%%%%%%%%%%%%%%%%%%%%%%%%%%%%%%%%%%%%%%%%%%%%%%%%%%%%%%%%%%%%%%%%%%%%%%%%
% Cutoff Phenomenon                                                    %
%%%%%%%%%%%%%%%%%%%%%%%%%%%%%%%%%%%%%%%%%%%%%%%%%%%%%%%%%%%%%%%%%%%%%%%%

@conference{Diaconis1996,
  AUTHOR = {Persi Diaconis},
  TITLE  = {The cutoff Phenomena in Finite Markov Chains},
  YEAR   = {1996},
  booktitle= {The Proceedings of the National Academy of Sciences},
  volume = {93},
  month  = {February},
  pages  = {1659-1664},
  note   = {},
  } 

@inbook{Diaconis2001,
  AUTHOR    = {Persi Diaconis},
  title     = {Groups, combinatorics and geometry},
  chapter   = {Mathematical developments from the analysis of riffle shuffling},
  YEAR      = {2001},
  publisher = {World Scientific Publishing},
  adress    = {River Edge, NJ},
  pages     = {73-97},
  note      = {},
  } 

@inbook{LSaloff-Costt1997,
  AUTHER    = {L. Saloff-Coste},
  title     = {Lectures on Probability Theory and Statistics},
  chapter   = {Lectures on Finite Markov Chains},
  year      = {1997},
  series    = {Letcures Notes in Mathematics 1665},
  publisher = {Springer},
  address   = {Berlin},
  pages     = {301-413},
  note      = {Saint-Flour Summer School, 1996, Q3 L28 V.1665},
  }

% not yet published
@unpublished{Diaconis2005,
  AUTHOR = {Persi Diaconis and Saloff-Coste, L},
  TITLE  = {Separation cut-offs for Death and Birth Chain},
  YEAR   = {2005},
  month  = {May},
  note   = {not yet published}
  } 

% first name cutoff
@ARTICLE{Diaconis1986,
  AUTHOR = {David Aldous and Persi Diaconis},
  TITLE  = {Shuffling cards and stopping times},
  YEAR   = {1986},
  JOURNAL= {American Mathematical Monthly},
  volume = {93},
  number = {5},
  month  = {May},
  pages  = {333-348},
  note   = {},
  } 

@ARTICLE{Diaconis1990,
  AUTHOR = {Persi Diaconis and R. L. Graham and J. A. Morrison},
  TITLE  = {Asymptotic Analysis of a Random Walk on a Hypercube with Many Dimensions},
  YEAR   = {1990},
  JOURNAL= {Random Structures and Algorithms},
  volume = {1},
  number = {1},
  month  = {},
  pages  = {51-72},

  } 

@PHDTHESIS{Chen2006,
  Author = {Guan-Yu Chen},
  Title  = {The Cutoff Phenomenon for Finite Markov Chains},
  Year   = {2006},
  School = {Cornell University},
  Month  = {August}, 
  }


@unpublished{Hammarstr2005,
  AUTHOR = {Harald Hammarstr{\.o}m},
  TITLE  = {Card-Shuffling Analysis with Markov Chains},
  YEAR   = {2005},
  month  = {January},
  url    = {http://www.cs.chalmers.se/~harald2/},
  note   = {his report},
  } 

@ARTICLE{Diaconis1981,
  AUTHOR = {Persi Diaconis and M. Shahshahani },
  TITLE  = {Generating a random permutation with random transportations},
  YEAR   = {1981},
  JOURNAL= {Z. Wahrsch. Verw. Gebiete},
  volume = {57},
  number = {2},
  month  = {},
  pages  = {159-179},
  note   = {},
  } 


@article{Diaconis1992,
	author = {Bayer, Dave   and Diaconis, Persi  },
	citeulike-article-id = {81482},
	journal = {The Annals of Applied Probability},
	keywords = {probability},
	number = {2},
	pages = {294--313},
	priority = {2},
	title = {Trailing the Dovetail Shuffle to its Lair},
	url = {http://links.jstor.org/sici?sici=1050-5164%28199205%292%3A2%3C294%3ATTDSTI%3E2.0.CO%3B2-F},
	volume = {2},
	year = {1992}
        }

@techreport{Gilbert1955,
 	author      = {Gilbert E.},
        title       = {Theory of Shuffling},
        institution = {Bell Laboratories},
        year        = {1955},
        }


