% This is the bibilography of study of map mixing
%
% Tzu-Chen Liang 7-16-2006

%%%%%%%%%%%%%%%%%%%%%%%%%%%%%%%%%%%%%%%%%%%%%%%%%%%%%%%%%%%%%%%
@ARTICLE{<key>,
  AUTHOR = {},
  TITLE  = {},
  YEAR   = {},
  JOURNAL= {},
  volume = {},
  number = {},
  month  = {},
  pages  = {},
  note   = {},
  } 
%%%%%%%%%%%%%%%%%%%%%%%%%%%%%%%%%%%%%%%%%%%%%%%%%%%%%%%%%%%%%%%
%%%%%%%%%%%%%%%%%%%%%%%%%%%%%%%%%%%%%%%%%%%%%%%%%%%%%%%%%%%%%%%%%%%%%%%%
% Microfluidic Mixing                                        %
%%%%%%%%%%%%%%%%%%%%%%%%%%%%%%%%%%%%%%%%%%%%%%%%%%%%%%%%%%%%%%%%%%%%%%%%
@ARTICLE{Wiggins2004,
  AUTHOR = {Stephen Wiggins and Julio M. Ottino},
  TITLE  = {Foundations of Chaotic Mixing},
  YEAR   = {2004},
  JOURNAL= {Philosophical Transactions of the Royal Society A: Mathematical, Physical and Engineering Sciences},
  volume = {362},
  number = {1818},
  month  = {March},
  pages  = {937-970},
  note   = {},
  } 
@ARTICLE{Ottino2004,
  AUTHOR = {Julio M. Ottino and Stephen Wiggins},
  TITLE  = {Introduction: mixing in microfluidics},
  YEAR   = {2004},
  JOURNAL= {Philosophical Transactions of the Royal Society A: Mathematical, Physical and Engineering Sciences},
  volume = {362},
  number = {1818},
  month  = {March},
  pages  = {923-935},
  note   = {},
  } 


@ARTICLE{Ottino2004Science,
  AUTHOR = {Julio M. Ottino and Stephen Wiggins},
  TITLE  = {Designing Optimal Micromixers},
  YEAR   = {2004},
  JOURNAL= {Science},
  volume = {305},
  number = {5683},
  month  = {July},
  pages  = {485-486},
  note   = {},
  url    = {http://www.sciencemag.org/cgi/content/full/305/5683/485},
  doi    = {10.1126/science.1099343}
  } 


@ARTICLE{Mezic2005,
  AUTHOR = {George Mathew and Igor Mezi{\'c} and Linda Petzold},
  TITLE  = {A Multiscale Measure for Mixing},
  YEAR   = {2005},
  JOURNAL= {Physica},
  volume = {211},
  number = {1-2},
  month  = {},
  pages  = {23-46},
  note   = {}, 
  } 

@ARTICLE{Stroock2002,
  AUTHOR = {Abraham D. Stroock and  Stephan K. W. Dertinger and  
            Armand Ajdari and Igor Mezi{\'c} and  Howard A. Stone and George M. Whitesides},
  TITLE  = {Chaotic Mixer for Microchannels},
  YEAR   = {2002},
  JOURNAL= {Science},
  volume = {295},
  number = {5555},
  month  = {January},
  pages  = {647-651},
  note   = {},
  url    = {http://www.sciencemag.org/cgi/content/full/295/5555/647},
  doi    = {10.1126/science.1066238}
  } 


@ARTICLE{Boyd2004,
  AUTHOR = {Stephen Boyd and Persi Diaconis and Lin Xiao},
  TITLE  = {Fastest mixing Markov chain on a graph},
  YEAR   = {2004},
  JOURNAL= {SIAM Review},
  volume = {46},
  number = {4},
  month  = {December},
  pages  = {667-689},
  note   = {},
  } 

@ARTICLE{DAlessandro1999,
  AUTHOR = {Domenico D'Alessandro and Mohammed Dahleh; Igor Mezi{\'c}},
  TITLE  = {Control of mixing in fluid flow: a maximum entropy approach},
  YEAR   = {1999},
  JOURNAL= {IEEE Transactions on Automatic Control},
  volume = {44},
  number = {10},
  month  = {October},
  pages  = {1852-1863},
  note   = {},
  } 

%%%%%%%%%%%%%%%%%%%%%%%%%%%%%%%%%%%%%%%%%%%%%%%%%%%%%%%%%%%%%%%%%%%%%%%%
% Advection-Diffuction Operator                                        %
%%%%%%%%%%%%%%%%%%%%%%%%%%%%%%%%%%%%%%%%%%%%%%%%%%%%%%%%%%%%%%%%%%%%%%%%
@ARTICLE{Thiffeault2003-13,
  author  = {Jean-Luc Thiffeault and Stephen Childress},
  title   = {Chaotic Mixing in a Torus Map},
  journal = {CHAOS},
  volume  = {13},
  number  = {2},
  pages   = {502-507},
  url     = {http://www.citebase.org/cgi-bin/citations?id=oai:arXiv.org:nlin/0211036},
  year    = {2003},
}

@MISC{Thiffeault2003-309,
  author  = {Jean-Luc Thiffeault},
  title   = {Advection-Diffusion in Lagrangian Coordinates},
  volume  = {309},
  number  = {5-6},
  pages   = {415-422},
  url     = {http://www.citebase.org/cgi-bin/citations?id=oai:arXiv.org:nlin/0105026},
  year    = {2003}
}

@conference{Thiffeault2004,
  AUTHOR  = {Jean-Luc Thiffeault},
  TITLE   = {Scalar Decay in Chaotic Mixing},
  YEAR    = {2004},
  booktitle = {Transport in Geophysical Flows: Ten Years After, Proceedings of the Grand Combin Summer School},
  month   = {June},
  pages   = {},
  note    = {},
  } 

@MISC{Thiffeault2005,
  author  = {Jean-Luc Thiffeault},
  title   = {Scalar Decay in Chaotic Mixing},
  url     = {http://www.citebase.org/cgi-bin/citations?id=oai:arXiv.org:nlin/0502011},
  year    = {2005}
}

@Article{Fereday2002,
  title   = {Scalar variance decay in chaotic advection and Batchelor-regime turbulence},
  author  = {Fereday, D. R. and Haynes, P. H. and Wonhas, A.  and Vassilicos, J. C.},
  journal = {Phys. Rev. E},
  volume  = {65},
  number  = {3},
  pages   = {035301},
  numpages = {4},
  year    = {2002},
  month   = {Feb},
  doi     = {10.1103/PhysRevE.65.035301},
  publisher = {American Physical Society},
  url     = {http://prola.aps.org/abstract/PRE/v65/i3/e035301}
}
@ARTICLE{Ashwin2002,
  AUTHOR = {Peter Ashwin and Matthew Nicol and Norman Kirkby},
  TITLE  = {Acceleration of one-dimensional mixing by discontinuous mappings},
  YEAR   = {2002},
  JOURNAL= {Physica A},
  volume = {310},
  number = {},
  month  = {},
  pages  = {347-363},
  note   = {},
  } 

@Article{Antonsen1996,
 Author  = {Thomas M. Antonsen, Jr. and Zhencan Fan and Edward Ott and E. Garcia-Lopez}
 Title   = {The Role of Chaotic orbits in the Determination of Power spectra of Passive Scalars}
 Year    = {1996}
 Journal = {Physical Fluids}
 volume  = {8}
 numver  = {11}
 month   = {November}
 pages   = {3094-3104}
 }
 

@ARTICLE{Tsang2005,
  AUTHOR = {Yue-Kin Tsang and Thomas M. Antonsen, Jr. and Edward Ott},
  TITLE  = {Exponential decay of chaotically advected passive scalars in the zero diffusivity limit},
  YEAR   = {2005},
  JOURNAL= {PHYSICAL REVIEW E },
  volume = {71},
  number = {066301},
  month  = {},
  pages  = {},
  note   = {},
  } 

@ARTICLE{Haynes2005,
  AUTHOR = {P. H. Haynes and J. Vanneste},
  TITLE  = {What controls the decay of passive scalars in smooth ï¬‚ows?},
  YEAR   = {2005},
  JOURNAL= {PHYSICS OF FLUIDS},
  volume = {17},
  number = {097103},
  month  = {},
  pages  = {},
  note   = {},
  } 

@ARTICLE{Gleeson,
  AUTHOR = {James P. Gleeson},
  TITLE  = {Transient micromixing: examples of laminar and chaotic stirring},
  YEAR   = {2005},
  JOURNAL= {Physics of fluids},
  volume = {17},
  number = {100614},
  month  = {},
  pages  = {},
  note   = {},
  } 

@ARTICLE{Cerbelli2003,
  AUTHOR = {S. Cerbelli and A. Adrover and M. Giona},
  TITLE  = {Enhanced diffusion regimes in bounded chaotic flows},
  YEAR   = {2003},
  JOURNAL= {Physics Letter A},
  volume = {312},
  number = {},
  month  = {},
  pages  = {355-362},
  note   = {},
  } 

@ARTICLE{Batchelor1958,
  AUTHOR = {G. K. Batchelor},
  TITLE  = {Small-scale variation of convected quantities like temperature in turbulent fluid. Part I},
  YEAR   = {1959},
  JOURNAL= {Journal of Fluid Mechanics},
  volume = {5},
  number = {},
  month  = {},
  pages  = {113-133},
  note   = {},
  }


@ARTICLE{Pikovsky2003,
  AUTHOR = {A. Pikovsky and O. Popovych},
  TITLE  = {Persistent patterns in deterministic mixing flows},
  YEAR   = {2003},
  JOURNAL= {Europhysics Letters},
  volume = {61},
  number = {5},
  month  = {March},
  pages  = {625-631},
  note   = {},
  }

@ARTICLE{Dana1985,
  AUTHOR = {Itzhack Dana and Shmuel Fishman},
  TITLE  = {Diffusion in the Standard Map},
  YEAR   = {1985},
  JOURNAL= {Physica 17D},
  volume = {},
  number = {},
  month  = {},
  pages  = {63-74},
  note   = {},
  } 
%%%%%%%%%%%%%%%%%%%%%%%%%%%%%%%%%%%%%%%%%%%%%%%%%%%%%%%%%%%%%%%%%%%%%%%%
% Cutoff Phenomenon                                                    %
%%%%%%%%%%%%%%%%%%%%%%%%%%%%%%%%%%%%%%%%%%%%%%%%%%%%%%%%%%%%%%%%%%%%%%%%

@conference{Diaconis1996,
  AUTHOR = {Persi Diaconis},
  TITLE  = {The cutoff Phenomena in Finite Markov Chains},
  YEAR   = {1996},
  booktitle= {The Proceedings of the National Academy of Sciences},
  volume = {93},
  month  = {February},
  pages  = {1659-1664},
  note   = {},
  } 

@inbook{Diaconis2001,
  AUTHOR    = {Persi Diaconis},
  title     = {Groups, combinatorics and geometry},
  chapter   = {Mathematical developments from the analysis of riffle shuffling},
  YEAR      = {2001},
  publisher = {World Scientific Publishing},
  adress    = {River Edge, NJ},
  pages     = {73-97},
  note      = {},
  } 

@inbook{LSaloff-Costt1997,
  AUTHER    = {L. Saloff-Coste}
  title     = {Lectures on Probability Theory and Statistics}
  chapter   = {Lectures on Finite Markov Chains}
  year      = {1997}
  series    = {Letcures Notes in Mathematics 1665}
  publisher = {Springer}
  address   = {Berlin}
  pages     = {301-413}
  note      = {Saint-Flour Summer School, 1996, Q3 L28 V.1665}
  }

% not yet published
@unpublished{Diaconis2005,
  AUTHOR = {Persi Diaconis and Saloff-Coste, L},
  TITLE  = {Separation cut-offs for Death and Birth Chain},
  YEAR   = {2005},
  month  = {May},
  note   = {not yet published}
  } 

% first name cutoff
@ARTICLE{Diaconis1986,
  AUTHOR = {David Aldous and Persi Diaconis},
  TITLE  = {Shuffling cards and stopping times},
  YEAR   = {1986},
  JOURNAL= {American Mathematical Monthly},
  volume = {93},
  number = {5},
  month  = {May},
  pages  = {333-348},
  note   = {},
  } 

@ARTICLE{Diaconis1990,
  AUTHOR = {Persi Diaconis and R. L. Graham and J. A. Morrison},
  TITLE  = {Asymptotic Analysis of a Random Walk on a Hypercube with Many Dimensions},
  YEAR   = {1990},
  JOURNAL= {Random Structures and Algorithms},
  volume = {1},
  number = {1},
  month  = {},
  pages  = {51-72},

  } 

@PHDTHESIS{Chen2006,
  Author = {Guan-Yu Chen},
  Title  = {The Cutoff Phenomenon for Finite Markov Chains}
  Year   = {2006}
  School = {Cornell University}
  Month  = {August} 
  }


@unpublished{Hammarstr2005,
  AUTHOR = {Harald Hammarstr{\.o}m},
  TITLE  = {Card-Shuffling Analysis with Markov Chains},
  YEAR   = {2005},
  month  = {January},
  url    = {http://www.cs.chalmers.se/~harald2/},
  note   = {his report},
  } 

@ARTICLE{Diaconis1981,
  AUTHOR = {Persi Diaconis and M. Shahshahani },
  TITLE  = {Generating a random permutation with random transportations},
  YEAR   = {1981},
  JOURNAL= {Z. Wahrsch. Verw. Gebiete},
  volume = {57},
  number = {2},
  month  = {},
  pages  = {159-179},
  note   = {},
  } 

@article{Diaconis1992,
	author = {Bayer, Dave   and Diaconis, Persi  },
	citeulike-article-id = {81482},
	journal = {The Annals of Applied Probability},
	keywords = {probability},
	number = {2},
	pages = {294--313},
	priority = {2},
	title = {Trailing the Dovetail Shuffle to its Lair},
	url = {http://links.jstor.org/sici?sici=1050-5164%28199205%292%3A2%3C294%3ATTDSTI%3E2.0.CO%3B2-F},
	volume = {2},
	year = {1992}

@techreport{Gilbert1955,
 	author      = {Gilbert E.},
        title       = {Theory of Shuffling}
        institution = {Bell Laboratories}
        year        = {1955}
        }

@inbook{LSaloff-Costt2004,
  AUTHER    = {L. Saloff-Coste}
  title     = {Probability on Discrete Structures}
  chapter   = {Random Walks on Finite Groups}
  year      = {2004}
  series    = {Encyclopaedia of Mathematical Sciences}
  volume    = {110} 
  publisher = {Springer}
  address   = {New York}
  pages     = {263-346}
  
  }

@inbook{Lloyd2005,
  AUTHER    = {Lloyd N. Trefethen and Mark Embree}
  title     = {Spectra and Pesudospectra}
  chapter   = {Further Examples and Applications}
  year      = {2005}
  publisher = {Princeton University Press}
  address   = {Princeton}
  pages     = {508-525}
  }


%%%%%%%%%%%%%%%%%%%%%%%%%%%%%%%%%%%%%%%%%%%%%%%%%%%%%%%%%%%%%%%%%%%%%%%%
% Symbolic Dynamics                                                    %
%%%%%%%%%%%%%%%%%%%%%%%%%%%%%%%%%%%%%%%%%%%%%%%%%%%%%%%%%%%%%%%%%%%%%%%%
@inbook{Wiggins1990,
  AUTHER    = {Stephen Wiggins}
  title     = {Introduction to Applied Nonlinear Dynamical Systems and Chaos}
  %chapter   = {}
  year      = {1990}
  publisher = {Springer}
  address   = {New York}
  %pages     = {}
  }


%%%%%%%%%%%%%%%%%%%%%%%%%%%%%%%%%%%%%%%%%%%%%%%%%%%%%%%%%%%%%%%%%%%%%%%%
% Topology Optimization                                                %
%%%%%%%%%%%%%%%%%%%%%%%%%%%%%%%%%%%%%%%%%%%%%%%%%%%%%%%%%%%%%%%%%%%%%%%%

@article{BenTal1997,
 author   = {A. Ben-Tal and A. Nemirovski},
 title    = {Robust Truss Topology Design via Semidefinite Programming},
 journal  = {SIAM J. on Optimization},
 volume   = {7},
 number   = {4},
 year     = {1997},
 issn     = {1052-6234},
 pages    = {991--1016},
 doi      = {http://dx.doi.org/10.1137/S1052623495291951},
 publisher= {Society for Industrial and Applied Mathematics},
 address  = {Philadelphia, PA, USA},
 url      = {http://portal.acm.org/affiliated/citation.cfm?id=588889.589053&dl=GUIDE&dl=guide#}
 }

@ARTICLE{Evgrafov2005,
  AUTHOR = {Anton Evgrafov},
  TITLE  = {The Limits of Porous Materials in the Topology Optimization of Stokes Flows},
  YEAR   = {2005},
  JOURNAL= {Applied Mathematics and Optimization},
  volume = {52},
  number = {3},
  month  = {Oct.},
  pages  = {263-277},
  note   = {},
  doi    = {10.1007/s00245-005-0828-z},
  url    = {http://dx.doi.org/10.1007/s00245-005-0828-z}
  } 

% volume need to be checked
@ARTICLE{Borrvall2003,
  AUTHOR = {Thomas Borrvall and Joakim Petersson},
  TITLE  = {Topology optimization of Fluids in Stokes Flow},
  YEAR   = {2003},
  JOURNAL= {INTERNATIONAL JOURNAL FOR NUMERICAL METHODS IN FLUIDS},
  volume = {41},
  number = {},
  month  = {},
  pages  = {77-107},
  note   = {},
  doi    = {10.1002/ d.426}
  } 

%%%%%%%%%%%%%%%%%%%%%%%%%%%%%%%%%%%%%%%%%%%%%%%%%%
% Numerical Methods
%%%%%%%%%%%%%%%%%%%%%%%%%%%%%%%%%%%%%%%%%%%%%%%%%%
@book{Leveque2002,
  Auther    = {Randall J. Leveque}
  Title     = {Finite Volume Methods for Hyperbolic Problems}
  year      = {2002}
  publisher = {Cambridge University Press}
  series    = {Cambridge Texts in Applied Mathematics}
  

@ARTICLE{Pierrehumbert2000,
  AUTHOR = {Raymond T. Pierrehumbert},
  TITLE  = {Lattice models of advection-diffusion},
  YEAR   = {2000},
  JOURNAL= {CHAOS},
  volume = {10},
  number = {1},
  month  = {March},
  pages  = {61-74},
  note   = {},
  } 

@ARTICLE{Percival1989,
  AUTHOR = {I. Dana and N. W. Murray and I. C. Percival},
  TITLE  = {Resonances and Diffusion in Periodic Hamiltonian Maps},
  YEAR   = {1989},
  JOURNAL= {Physical Review Leters},
  volume = {62},
  number = {3},
  month  = {January},
  pages  = {233-236},
  note   = {},
  } 
%%%%%%%%%%%%%%%%%%%%%%%%%%%%%%%%%%%%%%%%%%%%%%%%%%
% Experiments
%%%%%%%%%%%%%%%%%%%%%%%%%%%%%%%%%%%%%%%%%%%%%%%%%%

@ARTICLE{Rothstein1999,
  AUTHOR = {D. Rothstein and E. Henry and J. P. Gollub},
  TITLE  = {Persistent patterns in transient chaotic fluid mixing},
  YEAR   = {1999},
  JOURNAL= {Letters to Nature},
  volume = {401},
  number = {},
  month  = {October},
  pages  = {770-772},
  note   = {},
  }


@ARTICLE{Voth2002,
  AUTHOR = {Greg A. Voth and G. Haller and J. P. Gollub},
  TITLE  = {Experimental Measurements of Stretching Fields in Fluid Mixing},
  YEAR   = {2002},
  JOURNAL= {Physical Review Letters},
  volume = {88},
  number = {25},
  month  = {June},
  pages  = {254501},
  note   = {},
  }
